ISA*00*          *00*          *ZZ*PAYER          *ZZ*PROVIDER       *260311*1200*^*00501*000000905*1*T*:~
GS*HP*PAYER*PROVIDER*20260311*1200*1*X*005010X221A1~
ST*835*0001~
BPR*I*150.00*C*CHK************20260311~
TRN*1*12345*9999999999~
N1*PR*Demo Health Plan~
N1*PE*Demo Clinic~
CLP*10004567*1*170.00*150.00*20.00*12*POL123456*11*1~
SE*8*0001~
GE*1*1~
IEA*1*000000905~
